<record><leader>00000cas a22000007a 4500</leader><controlfield tag="001">12210249</controlfield><controlfield tag="008">850628d1830183ualuwr ne      0    0eng d</controlfield><datafield ind1=" " ind2=" " tag="010"><subfield code="a">sn 85044759 </subfield></datafield><datafield ind1=" " ind2=" " tag="040"><subfield code="a">ALM</subfield><subfield code="b">eng</subfield><subfield code="c">ALM</subfield><subfield code="d">CPN</subfield><subfield code="d">CNK</subfield><subfield code="d">OCL</subfield><subfield code="d">NVF</subfield><subfield code="d">OCLCQ</subfield></datafield><datafield ind1=" " ind2=" " tag="042"><subfield code="a">msc</subfield></datafield><datafield ind1="0" ind2="0" tag="245"><subfield code="a">Greene County gazette.</subfield></datafield><datafield ind1=" " ind2=" " tag="260"><subfield code="a">Erie, Ala. :</subfield><subfield code="b">J.J. Cribbs,</subfield><subfield code="c">1830-</subfield></datafield><datafield ind1=" " ind2=" " tag="300"><subfield code="a">v.</subfield></datafield><datafield ind1=" " ind2=" " tag="310"><subfield code="a">Weekly</subfield></datafield><datafield ind1="0" ind2=" " tag="362"><subfield code="a">Vol. 1, no. 1 (May 3, 1830)-</subfield></datafield><datafield ind1=" " ind2=" " tag="500"><subfield code="a">Editor: J.J. Cribbs.</subfield></datafield><datafield ind1=" " ind2="4" tag="651"><subfield code="a">Erie (Ala.)</subfield><subfield code="v">Newspapers.</subfield></datafield><datafield ind1="1" ind2=" " tag="700"><subfield code="a">Cribbs, J. J.</subfield></datafield><datafield ind1=" " ind2=" " tag="752"><subfield code="a">United States</subfield><subfield code="b">Alabama</subfield><subfield code="c">Greene</subfield><subfield code="d">Erie.</subfield></datafield><datafield ind1="1" ind2=" " tag="029"><subfield code="a">AU@</subfield><subfield code="b">000020383845</subfield></datafield></record>